<collection xmlns="http://www.loc.gov/MARC21/slim"><record><leader>00784nam  2200241   450</leader><controlfield tag="001">879</controlfield><controlfield tag="003">http://montalegre.opacnet.com/OPAC/default.aspx?ContentAreaControl=ShowRegHoldings.ascx&amp;RegNo=16662</controlfield><datafield tag="095" ind1=" " ind2=" "><subfield code="a">PTBN00056622</subfield></datafield><datafield tag="100" ind1=" " ind2=" "><subfield code="a">20061013d1978    m  y0pora010305  ba</subfield></datafield><datafield tag="101" ind1="1" ind2=" "><subfield code="a">por</subfield><subfield code="c">fre</subfield></datafield><datafield tag="102" ind1=" " ind2=" "><subfield code="a">PT</subfield></datafield><datafield tag="200" ind1="1" ind2=" "><subfield code="a">Out</subfield><subfield code="f">Pierre Rey</subfield><subfield code="g">trad. de Maria da Paz Carvalho</subfield></datafield><datafield tag="210" ind1=" " ind2=" "><subfield code="a">Amadora</subfield><subfield code="c">Bertrand</subfield><subfield code="d">imp. 1978</subfield></datafield><datafield tag="215" ind1=" " ind2=" "><subfield code="a">429, [2] p.</subfield><subfield code="d">20 cm</subfield></datafield><datafield tag="225" ind1="2" ind2=" "><subfield code="a">Autores universais</subfield></datafield><datafield tag="675" ind1=" " ind2=" "><subfield code="a">821</subfield></datafield><datafield tag="700" ind1=" " ind2="1"><subfield code="a">Rey</subfield><subfield code="b">Pierre</subfield><subfield code="f">1930-</subfield></datafield><datafield tag="702" ind1=" " ind2="1"><subfield code="a">Carvalho</subfield><subfield code="b">Maria da Paz</subfield><subfield code="4">730</subfield></datafield><datafield tag="801" ind1=" " ind2="0"><subfield code="a">PT</subfield><subfield code="b">Biblioteca Municipal de Montalegre</subfield><subfield code="g">RPC</subfield></datafield><datafield tag="856" ind1=" " ind2=" "><subfield code="u">locateMedia.asp?cod=20060628093629&amp;ext=jpg</subfield><subfield code="z">CAPA</subfield></datafield><datafield tag="909" ind1="&#9;" ind2=" "><subfield code="a">4</subfield></datafield><datafield tag="966" ind1=" " ind2=" "><subfield code="a">0009743</subfield><subfield code="l">BMM</subfield><subfield code="s">SCG 821 REY out</subfield></datafield><datafield tag="966" ind1=" " ind2=" "><subfield code="a">0009742</subfield><subfield code="l">BMM</subfield><subfield code="s">SCG 821 REY out</subfield></datafield><datafield tag="966" ind1=" " ind2=" "><subfield code="a">0009744</subfield><subfield code="l">BMM</subfield><subfield code="s">SCG 821 REY out</subfield></datafield><datafield tag="966" ind1=" " ind2=" "><subfield code="a">0009745</subfield><subfield code="l">BMM</subfield><subfield code="s">SCG 821 REY out</subfield></datafield></record></collection>